% Your bib here


@misc{cite_ex,
	title = {{Learn LaTeX in 30 minutes}},
	year = {2022},
	month = jun,
	note = {[Online; accessed 13. Jun. 2022]},
	url = {https://fr.overleaf.com/learn/latex/Learn_LaTeX_in_30_minutes}
}

@article{fpga-schematic-diag,
author = {Bajaj, Ronak and Fahmy, Suhaib},
year = {2015},
month = {01},
pages = {1-1},
title = {Mapping for maximum performance on FPGA DSP blocks},
volume = {35},
journal = {IEEE Transactions on Computer-Aided Design of Integrated Circuits and Systems},
doi = {10.1109/TCAD.2015.2474363}
}

@article{qec-fpga,
  doi = {10.1038/s41467-022-29906-0},
  url = {https://doi.org/10.1038/s41467-022-29906-0},
  year = {2022},
  month = apr,
  publisher = {Springer Science and Business Media {LLC}},
  volume = {13},
  number = {1},
  author = {William P. Livingston and Machiel S. Blok and Emmanuel Flurin and Justin Dressel and Andrew N. Jordan and Irfan Siddiqi},
  title = {Experimental demonstration of continuous quantum error correction},
  journal = {Nature Communications}
}

@article{Zhang2012,
  doi = {10.1109/jlt.2012.2217394},
  url = {https://doi.org/10.1109/jlt.2012.2217394},
  year = {2012},
  month = oct,
  publisher = {Institute of Electrical and Electronics Engineers ({IEEE})},
  volume = {30},
  number = {20},
  pages = {3226--3234},
  author = {Hong-Fei Zhang and Jian Wang and Ke Cui and Chun-Li Luo and Sheng-Zhao Lin and Lei Zhou and Hao Liang and Teng-Yun Chen and Kai Chen and Jian-Wei Pan},
  title = {A Real-Time {QKD} System Based on {FPGA}},
  journal = {Journal of Lightwave Technology}
}

@article{Edln1953,
  doi = {10.1364/josa.43.000339},
  url = {https://doi.org/10.1364/josa.43.000339},
  year = {1953},
  month = may,
  publisher = {The Optical Society},
  volume = {43},
  number = {5},
  pages = {339},
  author = {Bengt Edl{\'{e}}n},
  title = {The Dispersion of Standard Air{\ast}},
  journal = {Journal of the Optical Society of America}
}

@article{Edln1966,
  doi = {10.1088/0026-1394/2/2/002},
  url = {https://doi.org/10.1088/0026-1394/2/2/002},
  year = {1966},
  month = apr,
  publisher = {{IOP} Publishing},
  volume = {2},
  number = {2},
  pages = {71--80},
  author = {Bengt Edl{\'{e}}n},
  title = {The Refractive Index of Air},
  journal = {Metrologia}
}

@article{Birch1993,
  doi = {10.1088/0026-1394/30/3/004},
  url = {https://doi.org/10.1088/0026-1394/30/3/004},
  year = {1993},
  month = jan,
  publisher = {{IOP} Publishing},
  volume = {30},
  number = {3},
  pages = {155--162},
  author = {K P Birch and M J Downs},
  title = {An Updated Edl{\'{e}}n Equation for the Refractive Index of Air},
  journal = {Metrologia}
}

@article{Clark2019,
  doi = {10.1038/s41586-019-1354-5},
  url = {https://doi.org/10.1038/s41586-019-1354-5},
  year = {2019},
  month = jul,
  publisher = {Springer Science and Business Media {LLC}},
  volume = {571},
  number = {7766},
  pages = {532--536},
  author = {Logan W. Clark and Ningyuan Jia and Nathan Schine and Claire Baum and Alexandros Georgakopoulos and Jonathan Simon},
  title = {Interacting Floquet polaritons},
  journal = {Nature}
}