@article{vaneecloo2022,
    author = {Vaneecloo, Julien and Garcia, Sébastien and Ourjoumtsev, Alexei},
    title = {An Intracavity Rydberg Superatom for Optical Quantum Engineering: Coherent Control, Single-Shot Detection and Optical {$\pi$} Phase Shift},
    journal = {Physical Review X},
    volume = {12},
    number = {2},
    year = {2022},
    month = {5},
    ISSN = {2160-3308},
    DOI = {10.1103/physrevx.12.021034},
    publisher = {American Physical Society (APS)}
}

@article{lipid,
    author = {Alejandro Luda, Marcelo and Drechsler, Martin and Tomás Schmiegelow, Christian and Codnia, Jorge},
    title = {Compact embedded device for lock-in measurements and experiment active control},
    journal = {Review of Scientific Instruments},
    volume = {90},
    number = {2},
    year = {2019},
    month = {2},
    ISSN = {1089-7623},
    DOI = {10.1063/1.5080345},
    publisher = {AIP Publishing}
}



@misc{cmod,
  author = {Digilent},
  title = {Cmod A7},
  year = {2023},
  note = {Accessed 31 May 2024 from \href{https://digilent.com/reference/programmable-logic/cmod-a7/start}{https://digilent.com/reference/programmable-logic/cmod-a7/start}}
}

@misc{ni,
  author = {National Instrument},
  title = {NI Software Subscription and Application Deployment},
  year = {2024},
  note = {Accessed 27 May 2024 from \href{https://www.ni.com/en/support/documentation/supplemental/22/ni-software-subscription-and-application-deployment.html}{https://www.ni.com/en/support/documentation/supplemental/22/ni-software-subscription-and-application-deployment.html}}
}

@misc{ni_nidaqmx_c,
  author = {National Instrument},
  title = {NI-DAQmx C Reference Help},
  year = {2023},
  note = {Accessed 20 February 2024 from \href{https://www.ni.com/docs/fr-FR/bundle/ni-daqmx-c-api-ref/page/cdaqmx/help_file_title.html}{https://www.ni.com/docs/fr-FR/bundle/ni-daqmx-c-api-ref/page/cdaqmx/help\_file\_title.html}}
}

@misc{ni_nidaqmx_python,
  author = {National Instrument},
  title = {NI-DAQmx Python Documentation},
  year = {2024},
  note = {Accessed 20 February 2024 from \href{https://nidaqmx-python.readthedocs.io/en/latest/}{https://nidaqmx-python.readthedocs.io/en/latest/}}
}

@misc{rp,
  author = {Red Pitaya},
  title = {STEMlab 125-14},
  year = {2024},
  note = {Accessed 31 May 2024 from \href{https://redpitaya.com/stemlab-125-14/}{https://redpitaya.com/stemlab-125-14/}}
}



@phdthesis{julien,
  author = {Vaneecloo, Julien},
  title = {Nonlinear quantum optics with a single Rydberg superatom coupled to a medium-finesse cavity},
  school = {Sorbonne Université},
  year = {2022}
}



@report{valentin,
    author = {Magro, Valentin},
    title  = {L’ingénierie quantique de la lumière dans un ensemble d’atomes de Rydberg en cavité},
    institution = {Collège de France},
    year = {2021}
}